<record><leader>00000cas a22000007a 4500</leader><controlfield tag="001">15984602</controlfield><controlfield tag="008">870616d18591859iauwr ne      0    0eng d</controlfield><datafield ind1=" " ind2=" " tag="010"><subfield code="a">sn 87058323 </subfield></datafield><datafield ind1=" " ind2=" " tag="040"><subfield code="a">INP</subfield><subfield code="b">eng</subfield><subfield code="c">INP</subfield><subfield code="d">OCLCQ</subfield></datafield><datafield ind1=" " ind2=" " tag="042"><subfield code="a">msc</subfield></datafield><datafield ind1="0" ind2=" " tag="130"><subfield code="a">Weekly Iowa state register (Waterloo, Iowa)</subfield></datafield><datafield ind1="1" ind2="0" tag="245"><subfield code="a">Weekly Iowa state register.</subfield></datafield><datafield ind1=" " ind2=" " tag="260"><subfield code="a">Waterloo, Blackhawk County, Iowa :</subfield><subfield code="b">W. Haddock</subfield></datafield><datafield ind1=" " ind2=" " tag="300"><subfield code="a">v.</subfield></datafield><datafield ind1=" " ind2=" " tag="310"><subfield code="a">Weekly</subfield></datafield><datafield ind1="1" ind2=" " tag="362"><subfield code="a">Began in July? 1859; ceased in Sept. 1859?</subfield></datafield><datafield ind1=" " ind2=" " tag="588"><subfield code="a">Description based on: Vol. 4, no. 1 (July 10, 1859).</subfield></datafield><datafield ind1=" " ind2=" " tag="752"><subfield code="a">United States</subfield><subfield code="b">Iowa</subfield><subfield code="c">Black Hawk</subfield><subfield code="d">Waterloo.</subfield></datafield><datafield ind1="0" ind2="0" tag="780"><subfield code="t">Weekly Iowa state register and Waterloo herald</subfield><subfield code="w">(DLC)sn 87058322</subfield></datafield></record>